@Misc{link1,
  author 	= "Margaret Rouse",
  title 	= "spatial data",
  month 	= aug,
  year 		= "2013",
  url		= "http://searchsqlserver.techtarget.com/definition/spatial-data",
}


@Misc{link2,
  author 	= "David Gloag",
  title 	= "Geospatial Data: Definition and Example",
  month 	= sep,
  year 		= "2015",
  url		= "http://study.com/academy/lesson/geospatial-data-definition-example.html",
}

@Misc{link3,
  author 	= "Cautlyn Dempsey",
  title 	= "What is the Difference Between GIS and Geospatial?",
  month 	= jan,
  year 		= "2014",
  url		= "https://www.gislounge.com/difference-gis-geospatial/",
}

@Misc{link4,
  author 	= "Fern Halper",
  title 	= "Seven Use Cases for Geospatial Analytics",
  month 	= dec,
  year 		= "2013",
  url		= "https://www.victa.nl/alteryx/wp-content/uploads/TDWI-Checklist-Webinar-on-Data-Discovery.PDF",
}

@Misc{link5,
  author 	= "GIS Contributor",
  title 	= "Basic Uses of GIS",
  month 	= aug,
  year 		= "2012",
  url		= "https://www.gislounge.com/basic-uses-of-gis/",
}

@Misc{link6,
  author 	= "Aaas",
  title 	= "What are geospatial technologies?",
  month 	= oct,
  year 		= "2017",
  url		= "https://www.aaas.org/content/what-are-geospatial-technologies",
}

@Misc{link7,
  author 	= "esri",
  title 	= "Big Data Spatial Analytics for the Hadoop Framework",
  month 	= jul,
  year 		= "2017",
  url		= "http://esri.github.io/gis-tools-for-hadoop/",
}

@Misc{link8,
  author 	= "Westminster College",
  title 	= "GEOGRAPHIC INFORMATION SYSTEMS",
  month 	= mar,
  year 		= "2014",
  url		= "https://www.westminster.edu/staff/athrock/GIS/GIS.pdf",
}

@Misc{link9,
  author 	= "ECM TechNews",
  title 	= "GIS in the Era of Big Data",
  month 	= aug,
  year 		= "2017",
  url		= "http://ecmapping.com/2017/08/28/gis-in-the-era-of-big-data-making-geospatial-data-smart/",
}

@Misc{link10,
  author 	= "SANGEETA DEOGAWANKA",
  title 	= "Empowering GIS with Big Data",
  month 	= dec,
  year 		= "2014",
  url		= "https://www.gislounge.com/empowering-gis-big-data/",
}

@Misc{link11,
  author 	= "Rebecca Maxwell",
  title 	= "Mapping the Outbreaks of Diseases",
  month 	= sep,
  year 		= "2014",
  url		= "https://www.gislounge.com/mapping-outbreaks-diseases/",
}

@Misc{link12,
  author 	= "Alex Woodie",
  title 	= "Hunting Down Ebola with Big Data",
  month 	= nov,
  year 		= "2014",
  url		= "https://www.datanami.com/2014/11/03/hunting-ebola-big-data/",
}

@Misc{link13,
  author 	= "Caitlyn Dempsey",
  title 	= "Histry of GIS",
  month 	= may,
  year 		= "2012",
  url		= "https://www.gislounge.com/history-of-gis/",
}









